@article{einstein,
    author =       "Albert Einstein",
    title =        "{Zur Elektrodynamik bewegter K{\"o}rper}. ({German})
        [{On} the electrodynamics of moving bodies]",
    journal =      "Annalen der Physik",
    volume =       "322",
    number =       "10",
    pages =        "891--921",
    year =         "1905",
    DOI =          "http://dx.doi.org/10.1002/andp.19053221004"
}

@book{latexcompanion,
    author    = "Michel Goossens and Frank Mittelbach and Alexander Samarin",
    title     = "The \LaTeX\ Companion",
    year      = "1993",
    publisher = "Addison-Wesley",
    address   = "Reading, Massachusetts"
}

@misc{knuthwebsite,
    author    = "Donald Knuth",
    title     = "Knuth: Computers and Typesetting",
    url       = "http://www-cs-faculty.stanford.edu/\~{}uno/abcde.html"
}
@article{Homer1988,
    author = "Homer F.Walker",
    title = "Implementation of the GMRES method using householder transformations",
    journal = "SIAM J. Sci. STAT.Comput.",
    year = "January 1988"
}
@article{Boris2021,
    author ="Boris I. Krasnopolsky, Alexey V. Medvedev ",
    title = "Evaluating Pereformance of Mixed Precision Linear Solvers with Iterative Refinement",
    journal = "Supercomputing Frontier and Innovations",
    year = "2021"
}
@article{Loe2021,
    author ="Jennifer A. Loe, Christian A. Glusa, Ichitaro Yamazaki, Erik G. Boman, Sivasankaran Rajamanickam",
    title = "Experimental Evaluation of Multiprecision Strategies for GMRES on GPUs",
    journal = "IEEE IPDPS Accelerators and Hybrid Emerging Systems (AsHES)",
    year = "2021"
}
@article{Azzam2020,
    author = "Azzam Haidar, Harun Bayraktar, Stanimire Tomov, Jack Dongarra and Nicholas J. Higham",
    title ="Mixed-precision iterative refinement using tensor cores on GPUs to accelerate solution of linear systems" ,
    journal = "Proc.R.Soc.A 476:20200110",
    year = "2020"
}